[gd_scene load_steps=14 format=2]

[ext_resource path="res://assets/gaslamp_funworks.ogg" type="AudioStream" id=1]
[ext_resource path="res://scripts/Level.gd" type="Script" id=2]
[ext_resource path="res://assets/alpha-2x2.png" type="Texture" id=3]
[ext_resource path="res://assets/FiraSans-Regular.ttf" type="DynamicFontData" id=4]
[ext_resource path="res://scenes/HouseTall.tscn" type="PackedScene" id=5]
[ext_resource path="res://scenes/Background.tscn" type="PackedScene" id=6]
[ext_resource path="res://scenes/House.tscn" type="PackedScene" id=7]
[ext_resource path="res://scenes/collector.tscn" type="PackedScene" id=8]
[ext_resource path="res://scenes/cart.tscn" type="PackedScene" id=9]
[ext_resource path="res://scenes/dump.tscn" type="PackedScene" id=10]
[ext_resource path="res://scenes/Ground.tscn" type="PackedScene" id=11]

[sub_resource type="Animation" id=1]
resource_name = "intro"
length = 6.0
tracks/0/type = "value"
tracks/0/path = NodePath("Collector:position")
tracks/0/interp = 1
tracks/0/loop_wrap = true
tracks/0/imported = false
tracks/0/enabled = true
tracks/0/keys = {
"times": PoolRealArray( 0, 4.8 ),
"transitions": PoolRealArray( 1, 1 ),
"update": 0,
"values": [ Vector2( 1400, 710.527 ), Vector2( 0, 710.527 ) ]
}
tracks/1/type = "value"
tracks/1/path = NodePath("Collector:scale")
tracks/1/interp = 1
tracks/1/loop_wrap = true
tracks/1/imported = false
tracks/1/enabled = true
tracks/1/keys = {
"times": PoolRealArray( 0, 4.4, 4.8 ),
"transitions": PoolRealArray( 1, 1, 1 ),
"update": 0,
"values": [ Vector2( -1, 1 ), Vector2( -1, 1 ), Vector2( 1, 1 ) ]
}
tracks/2/type = "method"
tracks/2/path = NodePath("Collector")
tracks/2/interp = 1
tracks/2/loop_wrap = true
tracks/2/imported = false
tracks/2/enabled = true
tracks/2/keys = {
"times": PoolRealArray( 0.7, 1.1, 5, 5.8 ),
"transitions": PoolRealArray( 1, 1, 1, 1 ),
"values": [ {
"args": [  ],
"method": "ring"
}, {
"args": [  ],
"method": "bring_em_out"
}, {
"args": [  ],
"method": "ring"
}, {
"args": [  ],
"method": "bring_em_out"
} ]
}
tracks/3/type = "method"
tracks/3/path = NodePath("Cart")
tracks/3/interp = 1
tracks/3/loop_wrap = true
tracks/3/imported = false
tracks/3/enabled = true
tracks/3/keys = {
"times": PoolRealArray( 6 ),
"transitions": PoolRealArray( 1 ),
"values": [ {
"args": [  ],
"method": "start"
} ]
}
tracks/4/type = "value"
tracks/4/path = NodePath("AudioStreamPlayer:playing")
tracks/4/interp = 1
tracks/4/loop_wrap = true
tracks/4/imported = false
tracks/4/enabled = true
tracks/4/keys = {
"times": PoolRealArray( 0, 6 ),
"transitions": PoolRealArray( 1, 1 ),
"update": 1,
"values": [ false, true ]
}
tracks/5/type = "method"
tracks/5/path = NodePath("Timer")
tracks/5/interp = 1
tracks/5/loop_wrap = true
tracks/5/imported = false
tracks/5/enabled = true
tracks/5/keys = {
"times": PoolRealArray( 6 ),
"transitions": PoolRealArray( 1 ),
"values": [ {
"args": [ -1 ],
"method": "start"
} ]
}
tracks/6/type = "value"
tracks/6/path = NodePath("Panel:modulate")
tracks/6/interp = 1
tracks/6/loop_wrap = true
tracks/6/imported = false
tracks/6/enabled = true
tracks/6/keys = {
"times": PoolRealArray( 5.5, 6 ),
"transitions": PoolRealArray( 1, 1 ),
"update": 0,
"values": [ Color( 1, 1, 1, 1 ), Color( 1, 1, 1, 0 ) ]
}

[sub_resource type="DynamicFont" id=2]
size = 28
font_data = ExtResource( 4 )

[node name="Level" type="Node2D"]
script = ExtResource( 2 )

[node name="House" parent="." instance=ExtResource( 7 )]
position = Vector2( 201.72, 608.413 )
scale = Vector2( 0.75, 0.75 )

[node name="House3" parent="." instance=ExtResource( 5 )]
position = Vector2( 657.89, 615.725 )
scale = Vector2( 0.75, 0.75 )

[node name="House2" parent="." instance=ExtResource( 7 )]
position = Vector2( 1070.89, 614.725 )
scale = Vector2( 0.75, 0.75 )

[node name="Dump" parent="." instance=ExtResource( 10 )]
position = Vector2( 1276.84, 675.899 )

[node name="Collector" parent="." instance=ExtResource( 8 )]
position = Vector2( 1400, 710.527 )
scale = Vector2( -1, 1 )

[node name="Cart" parent="." instance=ExtResource( 9 )]
position = Vector2( 443.864, 685.714 )

[node name="AudioStreamPlayer" type="AudioStreamPlayer" parent="."]
stream = ExtResource( 1 )
volume_db = -12.0

[node name="AnimationPlayer" type="AnimationPlayer" parent="."]
autoplay = "intro"
anims/intro = SubResource( 1 )

[node name="Ground" parent="." instance=ExtResource( 11 )]

[node name="Bg" parent="." instance=ExtResource( 6 )]

[node name="Timer" type="Timer" parent="."]

[node name="Panel" type="Panel" parent="."]
margin_left = 29.0
margin_top = 24.0
margin_right = 1256.0
margin_bottom = 196.0
__meta__ = {
"_edit_use_anchors_": false
}

[node name="RichTextLabel" type="RichTextLabel" parent="Panel"]
margin_left = 24.3001
margin_top = 13.7498
margin_right = 1233.3
margin_bottom = 215.75
custom_fonts/normal_font = SubResource( 2 )
text = "Bring out your dead!
Fight the local plague by collecting corpses and bringing them to the dump.
Use \"Space\" to dump collected bodies, or to collect bodies that fell on the floor.
You lose if too many bodies litter the ground and the plague spreads to other parts of the city."
__meta__ = {
"_edit_use_anchors_": false
}

[node name="LeftScreenButton" type="TouchScreenButton" parent="."]
scale = Vector2( 234.996, 423.082 )
normal = ExtResource( 3 )

[node name="RightScreenButton" type="TouchScreenButton" parent="."]
position = Vector2( 808.26, 0 )
scale = Vector2( 234.996, 423.082 )
normal = ExtResource( 3 )
[connection signal="timeout" from="Timer" to="." method="_on_Timer_timeout"]
[connection signal="pressed" from="LeftScreenButton" to="Cart" method="_on_LeftScreenButton_pressed"]
[connection signal="released" from="LeftScreenButton" to="Cart" method="_on_LeftScreenButton_released"]
[connection signal="pressed" from="RightScreenButton" to="Cart" method="_on_RightScreenButton_pressed"]
[connection signal="released" from="RightScreenButton" to="Cart" method="_on_RightScreenButton_released"]
